Month,Sales
2024-01,12000
2024-02,15000
2024-03,13000
2024-04,16000
2024-05,17000
2024-06,14000
2024-07,18000
2024-08,19000
2024-09,20000
2024-10,21000
2024-11,22000
2024-12,23000
2025-01,12500
2025-02,15500
2025-03,13500
2025-04,16500
2025-05,17500
2025-06,14500
2025-07,18500
2025-08,19500
2025-09,20500
2025-10,21500
2025-11,22500
2025-12,23500